@book{hopcroft1979,
	author = {John E. Hopcroft and Jeffrey D. Ullman},
	title = {Introduction to Automata Theory, Languages, and Computation},
	year = {1979},
	publisher = {Addison-Wesley},
	address = {Reading, Massachusetts}
}

@book{salomaa1981,
	author = {Arto Salomaa},
	title = {Jewels of Formal Language Theory},
	year = {1981},
	publisher = {Computer Science Press},
	address = {Rockville, Maryland}
}

